<?xml version="1.0" encoding="UTF-8" ?>
<collection xmlns:xsi="http://www.w3.org/2001/XMLSchema-instance"
    xsi:schemaLocation="http://www.loc.gov/MARC21/slim
        http://www.loc.gov/standards/marcxml/schema/MARC21slim.xsd"
    xmlns="http://www.loc.gov/MARC21/slim">
<record>
  <leader>00202cam a2200361 i 4500</leader>
  <controlfield tag="001">b12760122</controlfield>
  <controlfield tag="003">LeBAU</controlfield>
  <controlfield tag="005">20170830</controlfield>
  <controlfield tag="008">971106s1952    iq            ||0 0 ara d</controlfield>
  <datafield tag="035" ind1=" " ind2=" ">
    <subfield code="a">ocn784505541</subfield>
  </datafield>
  <datafield tag="040" ind1=" " ind2=" ">
    <subfield code="a">LEAUB</subfield>
    <subfield code="b">ara</subfield>
    <subfield code="e">rda</subfield>
    <subfield code="c">LEAUB</subfield>
    <subfield code="d">LEAUB</subfield>
  </datafield>
  <datafield tag="082" ind1="0" ind2="4">
    <subfield code="a">338.9567</subfield>
    <subfield code="2">20</subfield>
  </datafield>
  <datafield tag="110" ind1="1" ind2=" ">
    <subfield code="6">880-01</subfield>
    <subfield code="a">Iraq.</subfield>
    <subfield code="b">Majlis al-Iʻmār,</subfield>
    <subfield code="e">issuing body.</subfield>
  </datafield>
  <datafield tag="245" ind1="1" ind2="0">
    <subfield code="6">880-02</subfield>
    <subfield code="a">al-Minhāj al-iḍāfī al-‘āmm li-Majlis al-Iʻmār :</subfield>
    <subfield code="b">min sanat 1951 ilá sanat 1956 al-mālīyah : ma‘a taqrīr sanawī ‘an a‘māl al-majlis li-sanat 1951 /</subfield>
    <subfield code="c">al-Ḥukūmah al-‘Irāqīyah.</subfield>
  </datafield>
  <datafield tag="264" ind1=" " ind2="1">
    <subfield code="6">880-03</subfield>
    <subfield code="a">Baghdād :</subfield>
    <subfield code="b">Maṭba‘at al-Ḥukūmah,</subfield>
    <subfield code="c">1952.</subfield>
  </datafield>
  <datafield tag="300" ind1=" " ind2=" ">
    <subfield code="6">880-04</subfield>
    <subfield code="a">17 pages ;</subfield>
    <subfield code="c">34 cm</subfield>
  </datafield>
  <datafield tag="336" ind1=" " ind2=" ">
    <subfield code="a">text</subfield>
    <subfield code="b">txt</subfield>
    <subfield code="2">rdacontent</subfield>
  </datafield>
  <datafield tag="337" ind1=" " ind2=" ">
    <subfield code="a">unmediated</subfield>
    <subfield code="b">n</subfield>
    <subfield code="2">rdamedia</subfield>
  </datafield>
  <datafield tag="338" ind1=" " ind2=" ">
    <subfield code="a">volume</subfield>
    <subfield code="b">nc</subfield>
    <subfield code="2">rdacarrier</subfield>
  </datafield>
  <datafield tag="500" ind1=" " ind2=" ">
    <subfield code="a">يتضمن جدولين احداهما مطوي.</subfield>
  </datafield>
  <datafield tag="610" ind1="1" ind2="4">
    <subfield code="a">العراق.</subfield>
    <subfield code="b">مجلس الاعمار.</subfield>
  </datafield>
  <datafield tag="610" ind1="1" ind2="0">
    <subfield code="a">Iraq.</subfield>
    <subfield code="b">Majlis al-Iʻmār.</subfield>
  </datafield>
  <datafield tag="651" ind1=" " ind2="4">
    <subfield code="a">العراق</subfield>
    <subfield code="x">الاحوال الاقتصادية.</subfield>
  </datafield>
  <datafield tag="651" ind1=" " ind2="0">
    <subfield code="a">Iraq</subfield>
    <subfield code="x">Economic conditions.</subfield>
  </datafield>
  <datafield tag="852" ind1=" " ind2=" ">
    <subfield code="a">Jafet Library</subfield>
    <subfield code="e">American University of Beirut, Bliss Street , Beirut, Lebanon.</subfield>
  </datafield>
  <datafield tag="880" ind1="1" ind2=" ">
    <subfield code="6">110-01/(3/r</subfield>
    <subfield code="a">العراق.</subfield>
    <subfield code="b">مجلس الاعمار،</subfield>
    <subfield code="e">هيئة إصدار. </subfield>
    <subfield code="4">isb.</subfield>
  </datafield>
  <datafield tag="880" ind1="1" ind2="3">
    <subfield code="6">245-02/(3/r</subfield>
    <subfield code="a">المنهاج الإضافي العام لمجلس الإعمار :</subfield>
    <subfield code="b">من سنة 1951 إلى سنة 1956 المالية : مع تقرير سنوي عن أعمال المجلس لسنة 1951 /</subfield>
    <subfield code="c">الحكومة العراقية.</subfield>
  </datafield>
  <datafield tag="880" ind1=" " ind2="1">
    <subfield code="6">264-03/(3/r</subfield>
    <subfield code="a">بغداد :</subfield>
    <subfield code="b">مطبعة الحكومة،</subfield>
    <subfield code="c">1952.</subfield>
  </datafield>
  <datafield tag="880" ind1=" " ind2=" ">
    <subfield code="6">300-04/(3/r</subfield>
    <subfield code="a">17 صفحة ؛</subfield>
    <subfield code="c">34 سم</subfield>
  </datafield>
  <datafield tag="907" ind1=" " ind2=" ">
    <subfield code="a">.b12760122</subfield>
    <subfield code="b">17-09-05</subfield>
    <subfield code="c">11-05-24</subfield>
  </datafield>
  <datafield tag="907" ind1=" " ind2=" ">
    <subfield code="a">.b12760122</subfield>
    <subfield code="b">11-10-11</subfield>
    <subfield code="c">11-05-24</subfield>
  </datafield>
  <datafield tag="945" ind1=" " ind2=" ">
    <subfield code="f">F</subfield>
    <subfield code="a">338.9567:I65miA:c.1</subfield>
    <subfield code="i">01064276</subfield>
    <subfield code="j">.i13334633</subfield>
    <subfield code="l">u0504</subfield>
  </datafield>
  <datafield tag="998" ind1=" " ind2=" ">
    <subfield code="a">u05</subfield>
    <subfield code="b">97-11-06</subfield>
    <subfield code="c">m</subfield>
    <subfield code="d">a</subfield>
    <subfield code="e">-</subfield>
    <subfield code="f">ara</subfield>
    <subfield code="g">iq </subfield>
    <subfield code="h">0</subfield>
    <subfield code="i">1</subfield>
  </datafield>
</record>
</collection>
